@article{Ipi_a_2021,
  doi       = {10.1021/acs.est.0c08515},
  url       = {https://doi.org/10.1021%2Facs.est.0c08515},
  year      = 2021,
  month     = {aug},
  publisher = {American Chemical Society ({ACS})},
  volume    = {55},
  number    = {16},
  pages     = {10946--10956},
  author    = {Adriana Ipi{\~{n}}a and Gamaliel L{\'{o}}pez-Padilla and Armando Retama and Rub{\'{e}}n D. Piacentini and Sasha Madronich},
  title     = {Ultraviolet Radiation Environment of a Tropical Megacity in Transition: Mexico City 2000{\textendash}2019},
  journal   = {Environ. Sci. Technol Technology}
}